<record><leader>00000cas a22000007a 4500</leader><controlfield tag="001">22333439</controlfield><controlfield tag="008">900905d194619uuohuwr ne      0    0eng d</controlfield><datafield ind1=" " ind2=" " tag="010"><subfield code="a">sn 90068464 </subfield></datafield><datafield ind1=" " ind2=" " tag="040"><subfield code="a">ONP</subfield><subfield code="b">eng</subfield><subfield code="c">ONP</subfield><subfield code="d">OCLCQ</subfield></datafield><datafield ind1=" " ind2=" " tag="042"><subfield code="a">msc</subfield></datafield><datafield ind1="0" ind2=" " tag="130"><subfield code="a">Bantam (Cuyahoga Falls, Ohio)</subfield></datafield><datafield ind1="1" ind2="0" tag="245"><subfield code="a">Bantam.</subfield></datafield><datafield ind1=" " ind2=" " tag="260"><subfield code="a">Cuyahoga Falls, Ohio :</subfield><subfield code="b">Bantam Publications</subfield></datafield><datafield ind1=" " ind2=" " tag="300"><subfield code="a">v.</subfield></datafield><datafield ind1=" " ind2=" " tag="310"><subfield code="a">Weekly</subfield></datafield><datafield ind1="1" ind2=" " tag="362"><subfield code="a">Began in 1946?</subfield></datafield><datafield ind1=" " ind2=" " tag="588"><subfield code="a">Description based on: Vol. 1, no. 18 (Oct. 17, 1946).</subfield></datafield><datafield ind1=" " ind2=" " tag="752"><subfield code="a">United States</subfield><subfield code="b">Ohio</subfield><subfield code="c">Summit</subfield><subfield code="d">Cuyahoga Falls.</subfield></datafield></record>